@article{deepLearning,
  title   = {Deep learning},
  author  = {LeCun, Yann and Bengio, Yoshua and Hinton, Geoffrey},
  year    = 2015,
  journal = {Nature},
  volume  = 521,
  number  = 7553,
  pages   = {436--444}
}

@article{geneticProgramming,
  author  = {O’Neill, Michael},
  journal = {Genetic Programming and Evolvable Machines},
  number  = 2,
  pages   = {229--230},
  title   = {Riccardo Poli, William B. Langdon, Nicholas F. McPhee: A Field Guide to Genetic Programming},
  volume  = 10,
  year    = 2009
}

@article{lossFunctionMakeDifference,
  author  = {Rosasco, Lorenzo and Vito, Ernesto De and Caponnetto, Andrea and Piana, Michele and Verri, Alessandro},
  journal = {Neural Computation},
  title   = {Are Loss Functions All the Same?},
  year    = {2004},
  volume  = {16},
  number  = {5},
  pages   = {1063-1076},
  doi     = {10.1162/089976604773135104}
}

@misc{janocha2017lossfunctionsdeepneural,
  title         = {On Loss Functions for Deep Neural Networks in Classification},
  author        = {Katarzyna Janocha and Wojciech Marian Czarnecki},
  year          = {2017},
  eprint        = {1702.05659},
  archiveprefix = {arXiv},
  primaryclass  = {cs.LG},
  url           = {https://arxiv.org/abs/1702.05659}
}

@misc{gonzalez2020improvedtrainingspeedaccuracy,
  title         = {Improved Training Speed, Accuracy, and Data Utilization Through Loss Function Optimization},
  author        = {Santiago Gonzalez and Risto Miikkulainen},
  year          = {2020},
  eprint        = {1905.11528},
  archiveprefix = {arXiv},
  primaryclass  = {cs.LG},
  url           = {https://arxiv.org/abs/1905.11528}
}

@misc{akhmedova2024generationlossfunctionimage,
  title         = {Next Generation Loss Function for Image Classification},
  author        = {Shakhnaz Akhmedova and Nils Körber},
  year          = {2024},
  eprint        = {2404.12948},
  archiveprefix = {arXiv},
  primaryclass  = {cs.CV},
  url           = {https://arxiv.org/abs/2404.12948}
}

@misc{coreyes2022evolvingreinforcementlearningalgorithms,
  title         = {Evolving Reinforcement Learning Algorithms},
  author        = {John D. Co-Reyes and Yingjie Miao and Daiyi Peng and Esteban Real and Sergey Levine and Quoc V. Le and Honglak Lee and Aleksandra Faust},
  year          = {2022},
  eprint        = {2101.03958},
  archiveprefix = {arXiv},
  primaryclass  = {cs.LG},
  url           = {https://arxiv.org/abs/2101.03958}
}